<record><leader>00000cas a2200000 a 4500</leader><controlfield tag="001">34496018</controlfield><controlfield tag="008">960401d18921893miuwr ne      0    0eng c</controlfield><datafield ind1=" " ind2=" " tag="010"><subfield code="a">sn 96076520 </subfield></datafield><datafield ind1=" " ind2=" " tag="040"><subfield code="a">MHN</subfield><subfield code="b">eng</subfield><subfield code="c">MHN</subfield><subfield code="d">OCL</subfield><subfield code="d">OCLCQ</subfield><subfield code="d">OCLCF</subfield><subfield code="d">OCLCO</subfield></datafield><datafield ind1="1" ind2=" " tag="029"><subfield code="a">AU@</subfield><subfield code="b">000012367055</subfield></datafield><datafield ind1=" " ind2=" " tag="042"><subfield code="a">pcc</subfield></datafield><datafield ind1=" " ind2=" " tag="043"><subfield code="a">n-us-mi</subfield></datafield><datafield ind1="0" ind2="4" tag="245"><subfield code="a">The Democrat-leader.</subfield></datafield><datafield ind1="1" ind2="3" tag="246"><subfield code="a">Gladwin Democrat</subfield></datafield><datafield ind1=" " ind2=" " tag="260"><subfield code="a">Gladwin, Mich. :</subfield><subfield code="b">Spencer &amp; Wilmot</subfield></datafield><datafield ind1=" " ind2=" " tag="300"><subfield code="a">v.</subfield></datafield><datafield ind1=" " ind2=" " tag="310"><subfield code="a">Weekly</subfield></datafield><datafield ind1="0" ind2=" " tag="362"><subfield code="a">New ser. no. 1 (Jan. 29, 1892)-new ser. no. 53 (Jan. 26, 1893).</subfield></datafield><datafield ind1=" " ind2="0" tag="651"><subfield code="a">Gladwin (Mich.)</subfield><subfield code="v">Newspapers.</subfield></datafield><datafield ind1=" " ind2="0" tag="651"><subfield code="a">Gladwin County (Mich.)</subfield><subfield code="v">Newspapers.</subfield></datafield><datafield ind1=" " ind2="7" tag="655"><subfield code="a">Newspapers.</subfield><subfield code="2">fast</subfield><subfield code="0">(OCoLC)fst01423814</subfield></datafield><datafield ind1=" " ind2="7" tag="651"><subfield code="a">Michigan</subfield><subfield code="z">Gladwin.</subfield><subfield code="2">fast</subfield><subfield code="0">(OCoLC)fst01268685</subfield></datafield><datafield ind1=" " ind2="7" tag="651"><subfield code="a">Michigan</subfield><subfield code="z">Gladwin County.</subfield><subfield code="2">fast</subfield><subfield code="0">(OCoLC)fst01214764</subfield></datafield><datafield ind1=" " ind2=" " tag="752"><subfield code="a">United States</subfield><subfield code="b">Michigan</subfield><subfield code="c">Gladwin</subfield><subfield code="d">Gladwin.</subfield></datafield><datafield ind1="0" ind2="0" tag="780"><subfield code="t">Gladwin Democrat</subfield><subfield code="w">(DLC)sn 96076518</subfield><subfield code="w">(OCoLC)34496065</subfield></datafield></record>